
@misc{EGV,
title = {EGV exercício},
howpublished = {\url{https://www.chegg.com/homework-help/questions-and-answers/f-1-2-f-n-2f-n-1-2-n-n-2-use-expand-guess-verify-prove-answer-mathematical-induction-q39051578?trackid=26ba2bbae6f4&strackid=5a826b579942}},
}


@misc{scilab,
title = {Scilab},
howpublished = {\url{https://www.scilab.org}},
}

@misc{graphtea,
title = {GraphTea},
howpublished = {\url{http://www.graphtheorysoftware.com}},
}

@misc{overleaf,
title = {Overleaf},
howpublished = {\url{https://www.overleaf.com}},
}

@misc{rota,
title = {Rotas Românticas em Portugal},
howpublished = {\url{https://www.rotadoromanico.com/pt}},
}

@misc{tablesgenerator,
title = {Gerador de tablas Latex},
howpublished = {\url{https://www.tablesgenerator.com/}},
}

@misc{waze,
title = {Waze},
howpublished = {\url{https://www.waze.com/pt-PT/}},
}

@misc{dijkstra,
title = {Algoritmo de Dijkstra},
author = {Alan De Smet},
howpublished = {\url{https://gitlab.com/AlanDeSmet/dijkstra-spf/-/tree/master}},
}

@misc{inducao,
title = {Método de indução matemática},
author = {Tecnico Lisboa},
howpublished = {\url{http://e-escola.tecnico.ulisboa.pt/topico.asp?id=5&ordem=5}},
}

@misc{grafos,
title = {Desenhador de grafos},
howpublished = {\url{https://www.graphonline.ru/pt/}},
}

@misc{euclid,
title = {Bézout coeficientes e mdc python},
howpublished = {\url{https://www.rookieslab.com/posts/extended-euclid-algorithm-to-find-gcd-bezouts-coefficients-python-cpp-code}},
}

@misc{caxeiro,
title = {Problema do Caixeiro Viajante},
howpublished = {\url{https://estudogeral.sib.uc.pt/bitstream/10316/31684/1/Tese_AndreOliveira.pdf}},
}

@misc{caxeiro1,
title = {Problema do Caixeiro Viajante},
howpublished = {\url{http://www.mat.uc.pt/~mcag/FEA2003/Teoria_de_Grafos}},
}